@ARTICLE{2011MNRAS.410.2156V,
   author = {{Viola}, M. and {Melchior}, P. and {Bartelmann}, M.},
    title = "{Biases in, and corrections to, KSB shear measurements}",
  journal = {\mnras},
archivePrefix = "arXiv",
   eprint = {1006.2470},
 primaryClass = "astro-ph.CO",
 keywords = {methods: data analysis, cosmology: observations},
     year = 2011,
    month = feb,
   volume = 410,
    pages = {2156-2166},
      doi = {10.1111/j.1365-2966.2010.17589.x},
   adsurl = {http://adsabs.harvard.edu/abs/2011MNRAS.410.2156V},
  adsnote = {Provided by the SAO/NASA Astrophysics Data System}
}


@ARTICLE{2010AJ....140..870B,
   author = {{Bosch}, J.},
    title = "{Galaxy Modeling with Compound Elliptical Shapelets}",
  journal = {\aj},
archivePrefix = "arXiv",
   eprint = {1007.1681},
 primaryClass = "astro-ph.IM",
 keywords = {galaxies: structure, gravitational lensing: weak, methods: data analysis, techniques: image processing},
     year = 2010,
    month = sep,
   volume = 140,
    pages = {870-879},
      doi = {10.1088/0004-6256/140/3/870},
   adsurl = {http://adsabs.harvard.edu/abs/2010AJ....140..870B},
  adsnote = {Provided by the SAO/NASA Astrophysics Data System}
}


@ARTICLE{2010ApJ...720..639G,
   author = {{Gruen}, D. and {Seitz}, S. and {Koppenhoefer}, J. and {Riffeser}, A.
	},
    title = "{Bias-free Shear Estimation Using Artificial Neural Networks}",
  journal = {\apj},
archivePrefix = "arXiv",
   eprint = {1002.0838},
 primaryClass = "astro-ph.CO",
 keywords = {cosmology: observations, gravitational lensing: weak, methods: data analysis, surveys},
     year = 2010,
    month = sep,
   volume = 720,
    pages = {639-651},
      doi = {10.1088/0004-637X/720/1/639},
   adsurl = {http://adsabs.harvard.edu/abs/2010ApJ...720..639G},
  adsnote = {Provided by the SAO/NASA Astrophysics Data System}
}

@ARTICLE{2009MNRAS.398..471L,
   author = {{Lewis}, A.},
    title = "{Galaxy shear estimation from stacked images}",
  journal = {\mnras},
archivePrefix = "arXiv",
   eprint = {0901.0649},
 primaryClass = "astro-ph.GA",
 keywords = {gravitational lensing , methods: data analysis},
     year = 2009,
    month = sep,
   volume = 398,
    pages = {471-476},
      doi = {10.1111/j.1365-2966.2009.15161.x},
   adsurl = {http://adsabs.harvard.edu/abs/2009MNRAS.398..471L},
  adsnote = {Provided by the SAO/NASA Astrophysics Data System}
}

@ARTICLE{2009MNRAS.396.1211N,
   author = {{Ngan}, W. and {van Waerbeke}, L. and {Mahdavi}, A. and {Heymans}, C. and 
	{Hoekstra}, H.},
    title = "{S{\'e}rsiclets - a matched filter extension of Shapelets for weak lensing studies}",
  journal = {\mnras},
archivePrefix = "arXiv",
   eprint = {0809.3465},
 keywords = {gravitational lensing , methods: numerical , techniques: image processing , dark matter},
     year = 2009,
    month = jun,
   volume = 396,
    pages = {1211-1216},
      doi = {10.1111/j.1365-2966.2009.14787.x},
   adsurl = {http://adsabs.harvard.edu/abs/2009MNRAS.396.1211N},
  adsnote = {Provided by the SAO/NASA Astrophysics Data System}
}


@ARTICLE{2005MNRAS.363..197M,
   author = {{Massey}, R. and {Refregier}, A.},
    title = "{Polar shapelets}",
  journal = {\mnras},
   eprint = {arXiv:astro-ph/0408445},
 keywords = {methods: analytical, methods: data analysis, techniques: image processing, galaxies: fundamental parameters},
     year = 2005,
    month = oct,
   volume = 363,
    pages = {197-210},
      doi = {10.1111/j.1365-2966.2005.09453.x},
   adsurl = {http://adsabs.harvard.edu/abs/2005MNRAS.363..197M},
  adsnote = {Provided by the SAO/NASA Astrophysics Data System}
}

@ARTICLE{2015arXiv150303757S,
   author = {{Spergel}, D. and {Gehrels}, N. and {Baltay}, C. and {Bennett}, D. and 
	{Breckinridge}, J. and {Donahue}, M. and {Dressler}, A. and 
	{Gaudi}, B.~S. and {Greene}, T. and {Guyon}, O. and {Hirata}, C. and 
	{Kalirai}, J. and {Kasdin}, N.~J. and {Macintosh}, B. and {Moos}, W. and 
	{Perlmutter}, S. and {Postman}, M. and {Rauscher}, B. and {Rhodes}, J. and 
	{Wang}, Y. and {Weinberg}, D. and {Benford}, D. and {Hudson}, M. and 
	{Jeong}, W.-S. and {Mellier}, Y. and {Traub}, W. and {Yamada}, T. and 
	{Capak}, P. and {Colbert}, J. and {Masters}, D. and {Penny}, M. and 
	{Savransky}, D. and {Stern}, D. and {Zimmerman}, N. and {Barry}, R. and 
	{Bartusek}, L. and {Carpenter}, K. and {Cheng}, E. and {Content}, D. and 
	{Dekens}, F. and {Demers}, R. and {Grady}, K. and {Jackson}, C. and 
	{Kuan}, G. and {Kruk}, J. and {Melton}, M. and {Nemati}, B. and 
	{Parvin}, B. and {Poberezhskiy}, I. and {Peddie}, C. and {Ruffa}, J. and 
	{Wallace}, J.~K. and {Whipple}, A. and {Wollack}, E. and {Zhao}, F.
	},
    title = "{Wide-Field InfrarRed Survey Telescope-Astrophysics Focused Telescope Assets WFIRST-AFTA 2015 Report}",
  journal = {ArXiv e-prints},
archivePrefix = "arXiv",
   eprint = {1503.03757},
 primaryClass = "astro-ph.IM",
 keywords = {Astrophysics - Instrumentation and Methods for Astrophysics},
     year = 2015,
    month = mar,
   adsurl = {http://adsabs.harvard.edu/abs/2015arXiv150303757S},
  adsnote = {Provided by the SAO/NASA Astrophysics Data System}
}

@ARTICLE{2015MNRAS.450.2963M,
   author = {{Mandelbaum}, R. and {Rowe}, B. and {Armstrong}, R. and {Bard}, D. and 
	{Bertin}, E. and {Bosch}, J. and {Boutigny}, D. and {Courbin}, F. and 
	{Dawson}, W.~A. and {Donnarumma}, A. and {Fenech Conti}, I. and 
	{Gavazzi}, R. and {Gentile}, M. and {Gill}, M.~S.~S. and {Hogg}, D.~W. and 
	{Huff}, E.~M. and {Jee}, M.~J. and {Kacprzak}, T. and {Kilbinger}, M. and 
	{Kuntzer}, T. and {Lang}, D. and {Luo}, W. and {March}, M.~C. and 
	{Marshall}, P.~J. and {Meyers}, J.~E. and {Miller}, L. and {Miyatake}, H. and 
	{Nakajima}, R. and {Ngol{\'e} Mboula}, F.~M. and {Nurbaeva}, G. and 
	{Okura}, Y. and {Paulin-Henriksson}, S. and {Rhodes}, J. and 
	{Schneider}, M.~D. and {Shan}, H. and {Sheldon}, E.~S. and {Simet}, M. and 
	{Starck}, J.-L. and {Sureau}, F. and {Tewes}, M. and {Zarb Adami}, K. and 
	{Zhang}, J. and {Zuntz}, J.},
    title = "{GREAT3 results - I. Systematic errors in shear estimation and the impact of real galaxy morphology}",
  journal = {\mnras},
archivePrefix = "arXiv",
   eprint = {1412.1825},
 keywords = {gravitational lensing: weak, methods: data analysis, techniques: image processing, cosmology: observations},
     year = 2015,
    month = jul,
   volume = 450,
    pages = {2963-3007},
      doi = {10.1093/mnras/stv781},
   adsurl = {http://adsabs.harvard.edu/abs/2015MNRAS.450.2963M},
  adsnote = {Provided by the SAO/NASA Astrophysics Data System}
}

@ARTICLE{2015arXiv150405456J,
   author = {{Joachimi}, B. and {Cacciato}, M. and {Kitching}, T.~D. and 
	{Leonard}, A. and {Mandelbaum}, R. and {Sch{\"a}fer}, B.~M. and 
	{Sif{\'o}n}, C. and {Hoekstra}, H. and {Kiessling}, A. and {Kirk}, D. and 
	{Rassat}, A.},
    title = "{Galaxy alignments: An overview}",
  journal = {ArXiv e-prints},
archivePrefix = "arXiv",
   eprint = {1504.05456},
 keywords = {Astrophysics - Astrophysics of Galaxies, Astrophysics - Cosmology and Nongalactic Astrophysics},
     year = 2015,
    month = apr,
   adsurl = {http://adsabs.harvard.edu/abs/2015arXiv150405456J},
  adsnote = {Provided by the SAO/NASA Astrophysics Data System}
}

@ARTICLE{2015arXiv150405465K,
   author = {{Kirk}, D. and {Brown}, M.~L. and {Hoekstra}, H. and {Joachimi}, B. and 
	{Kitching}, T.~D. and {Mandelbaum}, R. and {Sif{\'o}n}, C. and 
	{Cacciato}, M. and {Choi}, A. and {Kiessling}, A. and {Leonard}, A. and 
	{Rassat}, A. and {Sch{\"a}fer}, B.~M.},
    title = "{Galaxy alignments: Observations and impact on cosmology}",
  journal = {ArXiv e-prints},
archivePrefix = "arXiv",
   eprint = {1504.05465},
 keywords = {Astrophysics - Astrophysics of Galaxies, Astrophysics - Cosmology and Nongalactic Astrophysics},
     year = 2015,
    month = apr,
   adsurl = {http://adsabs.harvard.edu/abs/2015arXiv150405465K},
  adsnote = {Provided by the SAO/NASA Astrophysics Data System}
}

@ARTICLE{2015arXiv150405546K,
   author = {{Kiessling}, A. and {Cacciato}, M. and {Joachimi}, B. and {Kirk}, D. and 
	{Kitching}, T.~D. and {Leonard}, A. and {Mandelbaum}, R. and 
	{Sch{\"a}fer}, B.~M. and {Sif{\'o}n}, C. and {Brown}, M.~L. and 
	{Rassat}, A.},
    title = "{Galaxy alignments: Theory, modelling and simulations}",
  journal = {ArXiv e-prints},
archivePrefix = "arXiv",
   eprint = {1504.05546},
 keywords = {Astrophysics - Astrophysics of Galaxies, Astrophysics - Cosmology and Nongalactic Astrophysics},
     year = 2015,
    month = apr,
   adsurl = {http://adsabs.harvard.edu/abs/2015arXiv150405546K},
  adsnote = {Provided by the SAO/NASA Astrophysics Data System}
}

@ARTICLE{2014ApJ...780L..16H,
   author = {{Huff}, E.~M. and {Graves}, G.~J.},
    title = "{Magnificent Magnification: Exploiting the Other Half of the Lensing Signal}",
  journal = {\apjl},
 keywords = {cosmology: observations, gravitational lensing: weak, methods: observational },
     year = 2014,
    month = jan,
   volume = 780,
      eid = {L16},
    pages = {L16},
      doi = {10.1088/2041-8205/780/2/L16},
   adsurl = {http://adsabs.harvard.edu/abs/2014ApJ...780L..16H},
  adsnote = {Provided by the SAO/NASA Astrophysics Data System}
}

@ARTICLE{sersic63,
   author = {{S{\'e}rsic}, J.~L.},
    title = "{Influence of the atmospheric and instrumental dispersion on the brightness distribution in a galaxy}",
  journal = {Boletin de la Asociacion Argentina de Astronomia La Plata Argentina},
     year = 1963,
   volume = 6,
    pages = {41},
   adsurl = {http://adsabs.harvard.edu/abs/1963BAAA....6...41S},
  adsnote = {Provided by the SAO/NASA Astrophysics Data System}
}


@ARTICLE{2012ApJ...744L..22S,
   author = {{Schmidt}, F. and {Leauthaud}, A. and {Massey}, R. and {Rhodes}, J. and 
	{George}, M.~R. and {Koekemoer}, A.~M. and {Finoguenov}, A. and 
	{Tanaka}, M.},
    title = "{A Detection of Weak-lensing Magnification Using Galaxy Sizes and Magnitudes}",
  journal = {\apjl},
archivePrefix = "arXiv",
   eprint = {1111.3679},
 primaryClass = "astro-ph.CO",
 keywords = {dark matter, gravitational lensing: weak, large-scale structure of universe},
     year = 2012,
    month = jan,
   volume = 744,
      eid = {L22},
    pages = {L22},
      doi = {10.1088/2041-8205/744/2/L22},
   adsurl = {http://adsabs.harvard.edu/abs/2012ApJ...744L..22S},
  adsnote = {Provided by the SAO/NASA Astrophysics Data System}
}

@ARTICLE{2000AJ....120.2747C,
   author = {{Casertano}, S. and {de Mello}, D. and {Dickinson}, M. and {Ferguson}, H.~C. and 
	{Fruchter}, A.~S. and {Gonzalez-Lopezlira}, R.~A. and {Heyer}, I. and 
	{Hook}, R.~N. and {Levay}, Z. and {Lucas}, R.~A. and {Mack}, J. and 
	{Makidon}, R.~B. and {Mutchler}, M. and {Smith}, T.~E. and {Stiavelli}, M. and 
	{Wiggs}, M.~S. and {Williams}, R.~E.},
    title = "{WFPC2 Observations of the Hubble Deep Field South}",
  journal = {\aj},
   eprint = {astro-ph/0010245},
 keywords = {Cosmology: Observations, Galaxies: Evolution, Galaxies: Statistics},
     year = 2000,
    month = dec,
   volume = 120,
    pages = {2747-2824},
      doi = {10.1086/316851},
   adsurl = {http://adsabs.harvard.edu/abs/2000AJ....120.2747C},
  adsnote = {Provided by the SAO/NASA Astrophysics Data System}
}

@ARTICLE{2002PASP..114..144F,
   author = {{Fruchter}, A.~S. and {Hook}, R.~N.},
    title = "{Drizzle: A Method for the Linear Reconstruction of Undersampled Images}",
  journal = {\pasp},
   eprint = {astro-ph/9808087},
 keywords = {Methods: Data Analysis, Techniques: Photometric},
     year = 2002,
    month = feb,
   volume = 114,
    pages = {144-152},
      doi = {10.1086/338393},
   adsurl = {http://adsabs.harvard.edu/abs/2002PASP..114..144F},
  adsnote = {Provided by the SAO/NASA Astrophysics Data System}
}

@ARTICLE{2010MNRAS.401..371M,
   author = {{Massey}, R. and {Stoughton}, C. and {Leauthaud}, A. and {Rhodes}, J. and 
	{Koekemoer}, A. and {Ellis}, R. and {Shaghoulian}, E.},
    title = "{Pixel-based correction for Charge Transfer Inefficiency in the Hubble Space Telescope Advanced Camera for Surveys}",
  journal = {\mnras},
archivePrefix = "arXiv",
   eprint = {0909.0507},
 keywords = {instrumentation: detectors, methods: data analysis, space vehicles: instruments},
     year = 2010,
    month = jan,
   volume = 401,
    pages = {371-384},
      doi = {10.1111/j.1365-2966.2009.15638.x},
   adsurl = {http://adsabs.harvard.edu/abs/2010MNRAS.401..371M},
  adsnote = {Provided by the SAO/NASA Astrophysics Data System}
}

@ARTICLE{2014arXiv1407.6990T,
   author = {{Troxel}, M.~A. and {Ishak}, M.},
    title = "{The Intrinsic Alignment of Galaxies and its Impact on Weak Gravitational Lensing in an Era of Precision Cosmology}",
  journal = {ArXiv e-prints},
archivePrefix = "arXiv",
   eprint = {1407.6990},
 keywords = {Astrophysics - Cosmology and Nongalactic Astrophysics, Astrophysics - Astrophysics of Galaxies, General Relativity and Quantum Cosmology},
     year = 2014,
    month = jul,
   adsurl = {http://adsabs.harvard.edu/abs/2014arXiv1407.6990T},
  adsnote = {Provided by the SAO/NASA Astrophysics Data System}
}

@ARTICLE{2014MNRAS.445.3382M,
   author = {{Mohammed}, I. and {Seljak}, U.},
    title = "{Analytic model for the matter power spectrum, its covariance matrix and baryonic effects}",
  journal = {\mnras},
archivePrefix = "arXiv",
   eprint = {1407.0060},
 keywords = {neutrinos, methods: analytical, galaxies: haloes, galaxies: statistics, cosmological parameters, large scale structures of Universe},
     year = 2014,
    month = dec,
   volume = 445,
    pages = {3382-3400},
      doi = {10.1093/mnras/stu1972},
   adsurl = {http://adsabs.harvard.edu/abs/2014MNRAS.445.3382M},
  adsnote = {Provided by the SAO/NASA Astrophysics Data System}
}

@ARTICLE{2015arXiv150102055O,
   author = {{Osato}, K. and {Shirasaki}, M. and {Yoshida}, N.},
    title = "{Impact of Baryonic Processes on Weak Lensing Cosmology: Higher-Order Statistics and Parameter Bias}",
  journal = {ArXiv e-prints},
archivePrefix = "arXiv",
   eprint = {1501.02055},
 keywords = {Astrophysics - Cosmology and Nongalactic Astrophysics},
     year = 2015,
    month = jan,
   adsurl = {http://adsabs.harvard.edu/abs/2015arXiv150102055O},
  adsnote = {Provided by the SAO/NASA Astrophysics Data System}
}

@ARTICLE{2011MNRAS.417.2020S,
   author = {{Semboloni}, E. and {Hoekstra}, H. and {Schaye}, J. and {van Daalen}, M.~P. and 
	{McCarthy}, I.~G.},
    title = "{Quantifying the effect of baryon physics on weak lensing tomography}",
  journal = {\mnras},
archivePrefix = "arXiv",
   eprint = {1105.1075},
 primaryClass = "astro-ph.CO",
 keywords = {gravitational lensing: weak, surveys, cosmological parameters, cosmology: theory, dark energy, large-scale structure of Universe},
     year = 2011,
    month = nov,
   volume = 417,
    pages = {2020-2035},
      doi = {10.1111/j.1365-2966.2011.19385.x},
   adsurl = {http://adsabs.harvard.edu/abs/2011MNRAS.417.2020S},
  adsnote = {Provided by the SAO/NASA Astrophysics Data System}
}

@ARTICLE{2010A&A...523A..31H,
   author = {{Hildebrandt}, H. and {Arnouts}, S. and {Capak}, P. and {Moustakas}, L.~A. and 
	{Wolf}, C. and {Abdalla}, F.~B. and {Assef}, R.~J. and {Banerji}, M. and 
	{Ben{\'{\i}}tez}, N. and {Brammer}, G.~B. and {Budav{\'a}ri}, T. and 
	{Carliles}, S. and {Coe}, D. and {Dahlen}, T. and {Feldmann}, R. and 
	{Gerdes}, D. and {Gillis}, B. and {Ilbert}, O. and {Kotulla}, R. and 
	{Lahav}, O. and {Li}, I.~H. and {Miralles}, J.-M. and {Purger}, N. and 
	{Schmidt}, S. and {Singal}, J.},
    title = "{PHAT: PHoto-z Accuracy Testing}",
  journal = {\aap},
archivePrefix = "arXiv",
   eprint = {1008.0658},
 primaryClass = "astro-ph.CO",
 keywords = {techniques: photometric, galaxies: distances and redshifts, galaxies: photometry, cosmology: observations, methods: data analysis},
     year = 2010,
    month = nov,
   volume = 523,
      eid = {A31},
    pages = {A31},
      doi = {10.1051/0004-6361/201014885},
   adsurl = {http://adsabs.harvard.edu/abs/2010A%26A...523A..31H},
  adsnote = {Provided by the SAO/NASA Astrophysics Data System}
}

@ARTICLE{2015MNRAS.447..298H,
   author = {{Hudson}, M.~J. and {Gillis}, B.~R. and {Coupon}, J. and {Hildebrandt}, H. and 
	{Erben}, T. and {Heymans}, C. and {Hoekstra}, H. and {Kitching}, T.~D. and 
	{Mellier}, Y. and {Miller}, L. and {Van Waerbeke}, L. and {Bonnett}, C. and 
	{Fu}, L. and {Kuijken}, K. and {Rowe}, B. and {Schrabback}, T. and 
	{Semboloni}, E. and {van Uitert}, E. and {Velander}, M.},
    title = "{CFHTLenS: co-evolution of galaxies and their dark matter haloes}",
  journal = {\mnras},
 keywords = {gravitational lensing: weak, galaxies: haloes, cosmology: observations, dark matter},
     year = 2015,
    month = feb,
   volume = 447,
    pages = {298-314},
      doi = {10.1093/mnras/stu2367},
   adsurl = {http://adsabs.harvard.edu/abs/2015MNRAS.447..298H},
  adsnote = {Provided by the SAO/NASA Astrophysics Data System}
}

@ARTICLE{2014MNRAS.437.2111V,
   author = {{Velander}, M. and {van Uitert}, E. and {Hoekstra}, H. and {Coupon}, J. and 
	{Erben}, T. and {Heymans}, C. and {Hildebrandt}, H. and {Kitching}, T.~D. and 
	{Mellier}, Y. and {Miller}, L. and {Van Waerbeke}, L. and {Bonnett}, C. and 
	{Fu}, L. and {Giodini}, S. and {Hudson}, M.~J. and {Kuijken}, K. and 
	{Rowe}, B. and {Schrabback}, T. and {Semboloni}, E.},
    title = "{CFHTLenS: the relation between galaxy dark matter haloes and baryons from weak gravitational lensing}",
  journal = {\mnras},
archivePrefix = "arXiv",
   eprint = {1304.4265},
 primaryClass = "astro-ph.CO",
 keywords = {gravitational lensing: weak, galaxies: haloes, cosmology: observations, dark matter},
     year = 2014,
    month = jan,
   volume = 437,
    pages = {2111-2136},
      doi = {10.1093/mnras/stt2013},
   adsurl = {http://adsabs.harvard.edu/abs/2014MNRAS.437.2111V},
  adsnote = {Provided by the SAO/NASA Astrophysics Data System}
}

@ARTICLE{2013MNRAS.432.1544M,
   author = {{Mandelbaum}, R. and {Slosar}, A. and {Baldauf}, T. and {Seljak}, U. and 
	{Hirata}, C.~M. and {Nakajima}, R. and {Reyes}, R. and {Smith}, R.~E.
	},
    title = "{Cosmological parameter constraints from galaxy-galaxy lensing and galaxy clustering with the SDSS DR7}",
  journal = {\mnras},
archivePrefix = "arXiv",
   eprint = {1207.1120},
 primaryClass = "astro-ph.CO",
 keywords = {gravitational lensing: weak, cosmological parameters, cosmology: observations, large-scale structure of Universe},
     year = 2013,
    month = jun,
   volume = 432,
    pages = {1544-1575},
      doi = {10.1093/mnras/stt572},
   adsurl = {http://adsabs.harvard.edu/abs/2013MNRAS.432.1544M},
  adsnote = {Provided by the SAO/NASA Astrophysics Data System}
}

@ARTICLE{2012ApJ...744..159L,
   author = {{Leauthaud}, A. and {Tinker}, J. and {Bundy}, K. and {Behroozi}, P.~S. and 
	{Massey}, R. and {Rhodes}, J. and {George}, M.~R. and {Kneib}, J.-P. and 
	{Benson}, A. and {Wechsler}, R.~H. and {Busha}, M.~T. and {Capak}, P. and 
	{Cort{\^e}s}, M. and {Ilbert}, O. and {Koekemoer}, A.~M. and 
	{Le F{\`e}vre}, O. and {Lilly}, S. and {McCracken}, H.~J. and 
	{Salvato}, M. and {Schrabback}, T. and {Scoville}, N. and {Smith}, T. and 
	{Taylor}, J.~E.},
    title = "{New Constraints on the Evolution of the Stellar-to-dark Matter Connection: A Combined Analysis of Galaxy-Galaxy Lensing, Clustering, and Stellar Mass Functions from z = 0.2 to z =1}",
  journal = {\apj},
archivePrefix = "arXiv",
   eprint = {1104.0928},
 primaryClass = "astro-ph.CO",
 keywords = {dark matter, galaxies: evolution, galaxies: formation, galaxies: luminosity function, mass function, galaxies: stellar content, gravitational lensing: weak},
     year = 2012,
    month = jan,
   volume = 744,
      eid = {159},
    pages = {159},
      doi = {10.1088/0004-637X/744/2/159},
   adsurl = {http://adsabs.harvard.edu/abs/2012ApJ...744..159L},
  adsnote = {Provided by the SAO/NASA Astrophysics Data System}
}

@ARTICLE{2015MNRAS.446.1356H,
   author = {{Han}, J. and {Eke}, V.~R. and {Frenk}, C.~S. and {Mandelbaum}, R. and 
	{Norberg}, P. and {Schneider}, M.~D. and {Peacock}, J.~A. and 
	{Jing}, Y. and {Baldry}, I. and {Bland-Hawthorn}, J. and {Brough}, S. and 
	{Brown}, M.~J.~I. and {Liske}, J. and {Loveday}, J. and {Robotham}, A.~S.~G.
	},
    title = "{Galaxy And Mass Assembly (GAMA): the halo mass of galaxy groups from maximum-likelihood weak lensing}",
  journal = {\mnras},
archivePrefix = "arXiv",
   eprint = {1404.6828},
 keywords = {gravitational lensing: weak, methods: data analysis, dark matter, galaxies: clusters},
     year = 2015,
    month = jan,
   volume = 446,
    pages = {1356-1379},
      doi = {10.1093/mnras/stu2178},
   adsurl = {http://adsabs.harvard.edu/abs/2015MNRAS.446.1356H},
  adsnote = {Provided by the SAO/NASA Astrophysics Data System}
}

@ARTICLE{2013MNRAS.429.2249S,
   author = {{Simpson}, F. and {Heymans}, C. and {Parkinson}, D. and {Blake}, C. and 
	{Kilbinger}, M. and {Benjamin}, J. and {Erben}, T. and {Hildebrandt}, H. and 
	{Hoekstra}, H. and {Kitching}, T.~D. and {Mellier}, Y. and {Miller}, L. and 
	{Van Waerbeke}, L. and {Coupon}, J. and {Fu}, L. and {Harnois-D{\'e}raps}, J. and 
	{Hudson}, M.~J. and {Kuijken}, K. and {Rowe}, B. and {Schrabback}, T. and 
	{Semboloni}, E. and {Vafaei}, S. and {Velander}, M.},
    title = "{CFHTLenS: testing the laws of gravity with tomographic weak lensing and redshift-space distortions}",
  journal = {\mnras},
archivePrefix = "arXiv",
   eprint = {1212.3339},
 primaryClass = "astro-ph.CO",
 keywords = {gravitational lensing: weak, cosmology: observations},
     year = 2013,
    month = mar,
   volume = 429,
    pages = {2249-2263},
      doi = {10.1093/mnras/sts493},
   adsurl = {http://adsabs.harvard.edu/abs/2013MNRAS.429.2249S},
  adsnote = {Provided by the SAO/NASA Astrophysics Data System}
}

@ARTICLE{2010Natur.464..256R,
   author = {{Reyes}, R. and {Mandelbaum}, R. and {Seljak}, U. and {Baldauf}, T. and 
	{Gunn}, J.~E. and {Lombriser}, L. and {Smith}, R.~E.},
    title = "{Confirmation of general relativity on large scales from weak lensing and galaxy velocities}",
  journal = {\nat},
archivePrefix = "arXiv",
   eprint = {1003.2185},
 primaryClass = "astro-ph.CO",
     year = 2010,
    month = mar,
   volume = 464,
    pages = {256-258},
      doi = {10.1038/nature08857},
   adsurl = {http://adsabs.harvard.edu/abs/2010Natur.464..256R},
  adsnote = {Provided by the SAO/NASA Astrophysics Data System}
}

@MISC{2014ascl.soft09013Z,
   author = {{Zuntz}, J. and {Kacprzak}, T. and {Voigt}, L. and {Hirsch}, M. and 
	{Rowe}, B. and {Bridle}, S.},
    title = "{IM3SHAPE: Maximum likelihood galaxy shear measurement code for cosmic gravitational lensing}",
howpublished = {Astrophysics Source Code Library},
     year = 2014,
    month = sep,
archivePrefix = "ascl",
   eprint = {1409.013},
   adsurl = {http://adsabs.harvard.edu/abs/2014ascl.soft09013Z},
  adsnote = {Provided by the SAO/NASA Astrophysics Data System}
}

@ARTICLE{2013PhR...530...87W,
   author = {{Weinberg}, D.~H. and {Mortonson}, M.~J. and {Eisenstein}, D.~J. and 
	{Hirata}, C. and {Riess}, A.~G. and {Rozo}, E.},
    title = "{Observational probes of cosmic acceleration}",
  journal = {\physrep},
archivePrefix = "arXiv",
   eprint = {1201.2434},
 primaryClass = "astro-ph.CO",
     year = 2013,
    month = sep,
   volume = 530,
    pages = {87-255},
      doi = {10.1016/j.physrep.2013.05.001},
   adsurl = {http://adsabs.harvard.edu/abs/2013PhR...530...87W},
  adsnote = {Provided by the SAO/NASA Astrophysics Data System}
}

@ARTICLE{2014arXiv1412.1825M,
   author = {{Mandelbaum}, R. and {Rowe}, B. and {Armstrong}, R. and {Bard}, D. and 
	{Bertin}, E. and {Bosch}, J. and {Boutigny}, D. and {Courbin}, F. and 
	{Dawson}, W.~A. and {Donnarumma}, A. and {Fenech Conti}, I. and 
	{Gavazzi}, R. and {Gentile}, M. and {Gill}, M. and {Hogg}, D.~W. and 
	{Huff}, E.~M. and {Jee}, M.~J. and {Kacprzak}, T. and {Kilbinger}, M. and 
	{Kuntzer}, T. and {Lang}, D. and {Luo}, W. and {March}, M.~C. and 
	{Marshall}, P.~J. and {Meyers}, J.~E. and {Miller}, L. and {Miyatake}, H. and 
	{Nakajima}, R. and {Ngole Mboula}, F.~M. and {Nurbaeva}, G. and 
	{Okura}, Y. and {Paulin-Henriksson}, S. and {Rhodes}, J. and 
	{Schneider}, M.~D. and {Shan}, H. and {Sheldon}, E.~S. and {Simet}, M. and 
	{Starck}, J.-L. and {Sureau}, F. and {Tewes}, M. and {Zarb Adami}, K. and 
	{Zhang}, J. and {Zuntz}, J.},
    title = "{GREAT3 results I: systematic errors in shear estimation and the impact of real galaxy morphology}",
  journal = {ArXiv e-prints},
archivePrefix = "arXiv",
   eprint = {1412.1825},
 keywords = {Astrophysics - Cosmology and Nongalactic Astrophysics},
     year = 2014,
    month = dec,
   adsurl = {http://adsabs.harvard.edu/abs/2014arXiv1412.1825M},
  adsnote = {Provided by the SAO/NASA Astrophysics Data System}
}

@book{haykin2009neural,
  title={Neural Networks and Learning Machines},
  author={Haykin, S.S.},
  number={v. 10},
  isbn={9780131471399},
  lccn={2008034079},
  series={Neural networks and learning machines},
  url={http://books.google.ch/books?id=K7P36lKzI\_QC},
  year={2009},
  publisher={Prentice Hall}
}

@book{Rojas:1996:NNS:235222,
 author = {Rojas, Ra\'{u}l},
 title = {Neural Networks: A Systematic Introduction},
 year = {1996},
 isbn = {3-540-60505-3},
 publisher = {Springer-Verlag New York, Inc.},
 address = {New York, NY, USA},
} 


@ARTICLE{Nurbaeva2014arXiv,
   author = {{Nurbaeva}, G. and {Tewes}, M. and {Courbin}, F. and {Meylan}, G.
},
    title = "{Hopfield Neural Network deconvolution for weak lensing measurement}",
  journal = {ArXiv e-prints (1411.3193)},
archivePrefix = "arXiv",
   eprint = {1411.3193},
 primaryClass = "astro-ph.IM",
 keywords = {Astrophysics - Instrumentation and Methods for Astrophysics, Astrophysics - Cosmology and Nongalactic Astrophysics},
     year = 2014,
    month = nov,
   adsurl = {http://adsabs.harvard.edu/abs/2014arXiv1411.3193N},
  adsnote = {Provided by the SAO/NASA Astrophysics Data System}
}

@ARTICLE{2005ApJ...625..621B,
   author = {{Bundy}, K. and {Ellis}, R.~S. and {Conselice}, C.~J.},
    title = "{The Mass Assembly Histories of Galaxies of Various Morphologies in the GOODS Fields}",
  journal = {\apj},
   eprint = {astro-ph/0502204},
 keywords = {Cosmology: Observations, Galaxies: Evolution, Galaxies: Formation},
     year = 2005,
    month = jun,
   volume = 625,
    pages = {621-632},
      doi = {10.1086/429549},
   adsurl = {http://adsabs.harvard.edu/abs/2005ApJ...625..621B},
  adsnote = {Provided by the SAO/NASA Astrophysics Data System}
}

@ARTICLE{2014arXiv1411.2608S,
   author = {{Schneider}, M.~D. and {Hogg}, D.~W. and {Marshall}, P.~J. and 
	{Dawson}, W.~A. and {Meyers}, J. and {Bard}, D.~J. and {Lang}, D.
	},
    title = "{Hierarchical probabilistic inference of cosmic shear}",
  journal = {ArXiv e-prints (1411.2608)},
archivePrefix = "arXiv",
   eprint = {1411.2608},
 keywords = {Astrophysics - Cosmology and Nongalactic Astrophysics},
     year = 2014,
    month = nov,
   adsurl = {http://adsabs.harvard.edu/abs/2014arXiv1411.2608S},
  adsnote = {Provided by the SAO/NASA Astrophysics Data System}
}

@ARTICLE{2012MNRAS.425.2610R,
   author = {{Reyes}, R. and {Mandelbaum}, R. and {Gunn}, J.~E. and {Nakajima}, R. and 
	{Seljak}, U. and {Hirata}, C.~M.},
    title = "{Optical-to-virial velocity ratios of local disc galaxies from combined kinematics and galaxy-galaxy lensing}",
  journal = {\mnras},
 keywords = {gravitational lensing: weak, galaxies: kinematics and dynamics, galaxies: spiral},
     year = 2012,
    month = oct,
   volume = 425,
    pages = {2610-2640},
      doi = {10.1111/j.1365-2966.2012.21472.x},
   adsurl = {http://adsabs.harvard.edu/abs/2012MNRAS.425.2610R},
  adsnote = {Provided by the SAO/NASA Astrophysics Data System}
}

@ARTICLE{2013PASP..125..306F,
   author = {{Foreman-Mackey}, D. and {Hogg}, D.~W. and {Lang}, D. and {Goodman}, J.
	},
    title = "{emcee: The MCMC Hammer}",
  journal = {\pasp},
archivePrefix = "arXiv",
   eprint = {1202.3665},
 primaryClass = "astro-ph.IM",
 keywords = {Data Analysis and Techniques},
     year = 2013,
    month = mar,
   volume = 125,
    pages = {306-312},
      doi = {10.1086/670067},
   adsurl = {http://adsabs.harvard.edu/abs/2013PASP..125..306F},
  adsnote = {Provided by the SAO/NASA Astrophysics Data System}
}

@ARTICLE{2014ApJ...792..104O,
   author = {{Okura}, Y. and {Futamase}, T.},
    title = "{A New Method for Point-spread Function Correction Using the Ellipticity of Re-smeared Artificial Images in Weak Gravitational Lensing Shear Analysis}",
  journal = {\apj},
archivePrefix = "arXiv",
   eprint = {1403.7309},
 keywords = {gravitational lensing: weak },
     year = 2014,
    month = sep,
   volume = 792,
      eid = {104},
    pages = {104},
      doi = {10.1088/0004-637X/792/2/104},
   adsurl = {http://adsabs.harvard.edu/abs/2014ApJ...792..104O},
  adsnote = {Provided by the SAO/NASA Astrophysics Data System}
}

@ARTICLE{2013ApJ...765...74J,
   author = {{Jee}, M.~J. and {Tyson}, J.~A. and {Schneider}, M.~D. and {Wittman}, D. and 
	{Schmidt}, S. and {Hilbert}, S.},
    title = "{Cosmic Shear Results from the Deep Lens Survey. I. Joint Constraints on {$\Omega$}$_{ M }$ and {$\sigma$}$_{8}$ with a Two-dimensional Analysis}",
  journal = {\apj},
archivePrefix = "arXiv",
   eprint = {1210.2732},
 primaryClass = "astro-ph.CO",
 keywords = {cosmological parameters, cosmology: observations, dark matter, gravitational lensing: weak, large-scale structure of universe },
     year = 2013,
    month = mar,
   volume = 765,
      eid = {74},
    pages = {74},
      doi = {10.1088/0004-637X/765/1/74},
   adsurl = {http://adsabs.harvard.edu/abs/2013ApJ...765...74J},
  adsnote = {Provided by the SAO/NASA Astrophysics Data System}
}

@ARTICLE{2011PASP..123..812S,
   author = {{Schechter}, P.~L. and {Levinson}, R.~S.},
    title = "{Generic Misalignment Aberration Patterns in Wide-Field Telescopes}",
  journal = {\pasp},
archivePrefix = "arXiv",
   eprint = {1009.0708},
 primaryClass = "astro-ph.IM",
 keywords = {Astronomical Instrumentation},
     year = 2011,
    month = jul,
   volume = 123,
    pages = {812-832},
      doi = {10.1086/661111},
   adsurl = {http://adsabs.harvard.edu/abs/2011PASP..123..812S},
  adsnote = {Provided by the SAO/NASA Astrophysics Data System}
}

@ARTICLE{2015A&C....10..121R,
   author = {{Rowe}, B.~T.~P. and {Jarvis}, M. and {Mandelbaum}, R. and {Bernstein}, G.~M. and 
	{Bosch}, J. and {Simet}, M. and {Meyers}, J.~E. and {Kacprzak}, T. and 
	{Nakajima}, R. and {Zuntz}, J. and {Miyatake}, H. and {Dietrich}, J.~P. and 
	{Armstrong}, R. and {Melchior}, P. and {Gill}, M.~S.~S.},
    title = "{GALSIM: The modular galaxy image simulation toolkit}",
  journal = {Astronomy and Computing},
archivePrefix = "arXiv",
   eprint = {1407.7676},
 primaryClass = "astro-ph.IM",
 keywords = {Methods: data analysis, Techniques: image processing, Gravitational lensing, Cosmology: observations},
     year = 2015,
    month = apr,
   volume = 10,
    pages = {121-150},
      doi = {10.1016/j.ascom.2015.02.002},
   adsurl = {http://adsabs.harvard.edu/abs/2015A%26C....10..121R},
  adsnote = {Provided by the SAO/NASA Astrophysics Data System}
}


@ARTICLE{2007ApJS..172..196K,
   author = {{Koekemoer}, A.~M. and {Aussel}, H. and {Calzetti}, D. and {Capak}, P. and 
	{Giavalisco}, M. and {Kneib}, {J.-P.} and {Leauthaud}, A. and 
	{Le F{\`e}vre}, O. and et~al.
	},
    title = "{The COSMOS Survey: Hubble Space Telescope Advanced Camera for Surveys Observations and Data Processing}",
  journal = {\apjs},
   eprint = {arXiv:astro-ph/0703095},
 keywords = {Cosmology: Observations, Cosmology: Dark Matter, Galaxies: Evolution, Galaxies: Formation, Cosmology: Large-Scale Structure of Universe, Surveys},
     year = 2007,
    month = sep,
   volume = 172,
    pages = {196-202},
      doi = {10.1086/520086},
   adsurl = {http://adsabs.harvard.edu/abs/2007ApJS..172..196K},
  adsnote = {Provided by the SAO/NASA Astrophysics Data System}
}

@ARTICLE{2007ApJS..172...38S,
   author = {{Scoville}, N. and {Abraham}, R.~G. and {Aussel}, H. and {Barnes}, J.~E. and 
	{Benson}, A. and {Blain}, A.~W. and {Calzetti}, D. and {Comastri}, A. and 
	{Capak}, P. and et~al.},
    title = "{COSMOS: Hubble Space Telescope Observations}",
  journal = {\apjs},
   eprint = {arXiv:astro-ph/0612306},
 keywords = {Cosmology: Observations, Cosmology: Dark Matter, Galaxies: Evolution, Galaxies: Formation, Cosmology: Large-Scale Structure of Universe, Surveys},
     year = 2007,
    month = sep,
   volume = 172,
    pages = {38-45},
      doi = {10.1086/516580},
   adsurl = {http://adsabs.harvard.edu/abs/2007ApJS..172...38S},
  adsnote = {Provided by the SAO/NASA Astrophysics Data System}
}

@ARTICLE{2007ApJS..172....1S,
   author = {{Scoville}, N. and {Aussel}, H. and {Brusa}, M. and {Capak}, P. and 
	{Carollo}, C.~M. and {Elvis}, M. and {Giavalisco}, M. and {Guzzo}, L. and 
	{Hasinger}, G. and et~al.},
    title = "{The Cosmic Evolution Survey (COSMOS): Overview}",
  journal = {\apjs},
   eprint = {arXiv:astro-ph/0612305},
 keywords = {Cosmology: Observations, Cosmology: Dark Matter, Galaxies: Evolution, Galaxies: Formation, Cosmology: Large-Scale Structure of Universe, Surveys},
     year = 2007,
    month = sep,
   volume = 172,
    pages = {1-8},
      doi = {10.1086/516585},
   adsurl = {http://adsabs.harvard.edu/abs/2007ApJS..172....1S},
  adsnote = {Provided by the SAO/NASA Astrophysics Data System}
}

@ARTICLE{2006astro.ph..9591A,
   author = {{Albrecht}, A. and {Bernstein}, G. and {Cahn}, R. and {Freedman}, W.~L. and 
	{Hewitt}, J. and {Hu}, W. and {Huth}, J. and {Kamionkowski}, M. and 
	{Kolb}, E.~W. and {Knox}, L. and {Mather}, J.~C. and {Staggs}, S. and 
	{Suntzeff}, N.~B.},
    title = "{Report of the Dark Energy Task Force}",
  journal = {ArXiv  e-prints (astro-ph/0609591)},
   eprint = {astro-ph/0609591},
     year = 2006,
    month = sep,
   adsurl = {http://adsabs.harvard.edu/cgi-bin/nph-bib_query?bibcode=2006astro.ph..9591A&db_key=PRE},
  adsnote = {Provided by the Smithsonian/NASA Astrophysics Data System}
}


@ARTICLE{2010RPPh...73h6901M,
   author = {{Massey}, R. and {Kitching}, T. and {Richard}, J.},
    title = "{The dark matter of gravitational lensing}",
  journal = {Reports on Progress in Physics},
archivePrefix = "arXiv",
   eprint = {1001.1739},
 primaryClass = "astro-ph.CO",
     year = 2010,
    month = aug,
   volume = 73,
   number = 8,
    pages = {086901-+},
      doi = {10.1088/0034-4885/73/8/086901},
   adsurl = {http://adsabs.harvard.edu/abs/2010RPPh...73h6901M},
  adsnote = {Provided by the SAO/NASA Astrophysics Data System}
}

@ARTICLE{2008ARNPS..58...99H,
   author = {{Hoekstra}, H. and {Jain}, B.},
    title = "{Weak Gravitational Lensing and Its Cosmological Applications}",
  journal = {Annual Review of Nuclear and Particle Science},
archivePrefix = "arXiv",
   eprint = {0805.0139},
     year = 2008,
    month = nov,
   volume = 58,
    pages = {99-123},
      doi = {10.1146/annurev.nucl.58.110707.171151},
   adsurl = {http://adsabs.harvard.edu/abs/2008ARNPS..58...99H},
  adsnote = {Provided by the SAO/NASA Astrophysics Data System}
}

@ARTICLE{2011ApJ...741...46R,
   author = {{Rowe}, B. and {Hirata}, C. and {Rhodes}, J.},
    title = "{Optimal Linear Image Combination}",
  journal = {\apj},
archivePrefix = "arXiv",
   eprint = {1105.2852},
 primaryClass = "astro-ph.IM",
 keywords = {dark energy, gravitational lensing: weak, methods: data analysis, techniques: image processing, techniques: photometric},
     year = 2011,
    month = nov,
   volume = 741,
      eid = {46},
    pages = {46},
      doi = {10.1088/0004-637X/741/1/46},
   adsurl = {http://adsabs.harvard.edu/abs/2011ApJ...741...46R},
  adsnote = {Provided by the SAO/NASA Astrophysics Data System}
}

@ARTICLE{2007MNRAS.380..229M,
   author = {{Massey}, R. and {Rowe}, B. and {Refregier}, A. and {Bacon}, D.~J. and 
	{Berg{\'e}}, J.},
    title = "{Weak gravitational shear and flexion with polar shapelets}",
  journal = {\mnras},
   eprint = {arXiv:astro-ph/0609795},
 keywords = {gravitational lensing, methods: data analysis, techniques: image processing},
     year = 2007,
    month = sep,
   volume = 380,
    pages = {229-245},
      doi = {10.1111/j.1365-2966.2007.12072.x},
   adsurl = {http://adsabs.harvard.edu/abs/2007MNRAS.380..229M},
  adsnote = {Provided by the SAO/NASA Astrophysics Data System}
}

@ARTICLE{2010A&A...510A..75M,
   author = {{Melchior}, P. and {B{\"o}hnert}, A. and {Lombardi}, M. and 
	{Bartelmann}, M.},
    title = "{Limitations on shapelet-based weak-lensing measurements}",
  journal = {\aap},
archivePrefix = "arXiv",
   eprint = {0906.5092},
 primaryClass = "astro-ph.IM",
 keywords = {gravitational lensing: weak, techniques: image processing, methods: numerical},
     year = 2010,
    month = feb,
   volume = 510,
      eid = {A75},
    pages = {A75},
      doi = {10.1051/0004-6361/200912785},
   adsurl = {http://adsabs.harvard.edu/abs/2010A%26A...510A..75M},
  adsnote = {Provided by the SAO/NASA Astrophysics Data System}
}

@ARTICLE{2010MNRAS.404..458V,
   author = {{Voigt}, L.~M. and {Bridle}, S.~L.},
    title = "{Limitations of model-fitting methods for lensing shear estimation}",
  journal = {\mnras},
archivePrefix = "arXiv",
   eprint = {0905.4801},
 primaryClass = "astro-ph.CO",
 keywords = {gravitational lensing, methods: data analysis, cosmology: observations},
     year = 2010,
    month = may,
   volume = 404,
    pages = {458-467},
      doi = {10.1111/j.1365-2966.2010.16300.x},
   adsurl = {http://adsabs.harvard.edu/abs/2010MNRAS.404..458V},
  adsnote = {Provided by the SAO/NASA Astrophysics Data System}
}

@ARTICLE{2013ApJS..205...12K,
   author = {{Kitching}, T.~D. and {Rowe}, B. and {Gill}, M. and {Heymans}, C. and 
	{Massey}, R. and {Witherick}, D. and {Courbin}, F. and {Georgatzis}, K. and 
	{Gentile}, M. and {Gruen}, D. and {Kilbinger}, M. and {Li}, G.~L. and 
	{Mariglis}, A.~P. and {Meylan}, G. and {Storkey}, A. and {Xin}, B.
	},
    title = "{Image Analysis for Cosmology: Results from the GREAT10 Star Challenge}",
  journal = {\apjs},
archivePrefix = "arXiv",
   eprint = {1210.1979},
 primaryClass = "astro-ph.IM",
 keywords = {atmospheric effects, cosmology: observations, methods: data analysis, techniques: image processing},
     year = 2013,
    month = apr,
   volume = 205,
      eid = {12},
    pages = {12},
      doi = {10.1088/0067-0049/205/2/12},
   adsurl = {http://adsabs.harvard.edu/abs/2013ApJS..205...12K},
  adsnote = {Provided by the SAO/NASA Astrophysics Data System}
}

@ARTICLE{2009AnApS...3....6B,
   author = {{Bridle}, S. and {Shawe-Taylor}, J. and {Amara}, A. and {Applegate}, D. and 
	{Balan}, S.~T. and {Berge}, Joel and {Bernstein}, G. and {Dahle}, H. and 
	{Erben}, T. and et~al.},
    title = "{Handbook for the GREAT08 Challenge: An image analysis competition for cosmological lensing}",
  journal = {Annals of Applied Statistics},
archivePrefix = "arXiv",
   eprint = {0802.1214},
 keywords = {Inference, inverse problems, astronomy},
     year = 2009,
   volume = 3,
    pages = {6-37},
      doi = {10.1214/08-AOAS222},
   adsurl = {http://adsabs.harvard.edu/abs/2009AnApS...3....6B},
  adsnote = {Provided by the SAO/NASA Astrophysics Data System}
}

@ARTICLE{2010MNRAS.405.2044B,
   author = {{Bridle}, S. and {Balan}, S.~T. and {Bethge}, M. and {Gentile}, M. and 
	{Harmeling}, S. and {Heymans}, C. and {Hirsch}, M. and {Hosseini}, R. and 
	{Jarvis}, M. and {Kirk}, D. and et~al.},
    title = "{Results of the GREAT08 Challenge: an image analysis competition for cosmological lensing}",
  journal = {\mnras},
archivePrefix = "arXiv",
   eprint = {0908.0945},
 primaryClass = "astro-ph.CO",
 keywords = {gravitational lensing: weak, methods: data analysis, methods: statistical, techniques: image processing, cosmology: observations, large-scale structure of Universe},
     year = 2010,
    month = jul,
   volume = 405,
    pages = {2044-2061},
      doi = {10.1111/j.1365-2966.2010.16598.x},
   adsurl = {http://adsabs.harvard.edu/abs/2010MNRAS.405.2044B},
  adsnote = {Provided by the SAO/NASA Astrophysics Data System}
}

@ARTICLE{2013arXiv1305.5422S,
   author = {{Spergel}, D. and {Gehrels}, N. and {Breckinridge}, J. and {Donahue}, M. and 
	{Dressler}, A. and {Gaudi}, B.~S. and {Greene}, T. and {Guyon}, O. and 
	{Hirata}, C. and et~al.},
    title = "{Wide-Field InfraRed Survey Telescope-Astrophysics Focused Telescope Assets WFIRST-AFTA Final Report}",
  journal = {ArXiv e-prints (1305.5422)},
archivePrefix = "arXiv",
   eprint = {1305.5422},
 primaryClass = "astro-ph.IM",
 keywords = {Astrophysics - Instrumentation and Methods for Astrophysics},
     year = 2013,
    month = may,
   adsurl = {http://adsabs.harvard.edu/abs/2013arXiv1305.5422S},
  adsnote = {Provided by the SAO/NASA Astrophysics Data System}
}

@ARTICLE{2003ARA&A..41..645R,
    Author = {{Refregier}, A.},
    title = "{Weak Gravitational Lensing by Large-Scale Structure}",
    journal = {\araa},
    year = 2003,
    volume = 41,
    pages = {645-668},
    adsurl = {http://adsabs.harvard.edu/cgi-bin/nph-bib_query?bibcode=2003ARA%26A..41..645R&amp;db_key=AST},
    adsnote = {Provided by the NASA Astrophysics Data System}
}

@ARTICLE{2002PhRvD..65b3003H,
    author = {{Hu}, W.},
    title = "{Dark synergy: Gravitational lensing and the CMB}",
    journal = {\prd},
    year = 2002,
    month = jan,
    volume = 65,
    pages = {023003},
    adsurl = {http://adsabs.harvard.edu/cgi-bin/nph-bib_query?bibcode=2002PhRvD..65b3003H&db_key=AST},
    adsnote = {Provided by the NASA Astrophysics Data System}
}

@ARTICLE{2002PhRvD..65f3001H,
    author = {{Huterer}, D.},
    title = "{Weak lensing and dark energy}",
    journal = {\prd},
    year = 2002,
    month = mar,
    volume = 65,
    pages = {63001-+},
    adsurl = {http://adsabs.harvard.edu/cgi-bin/nph-bib_query?bibcode=2002PhRvD..65f3001H&db_key=AST},
    adsnote = {Provided by the NASA Astrophysics Data System}
}

@ARTICLE{2003PhRvL..91d1301A,
    author = {{Abazajian}, K. and {Dodelson}, S.},
    title = "{Neutrino Mass and Dark Energy from Weak Lensing}",
    journal = {Physical Review Letters},
    year = 2003,
    month = jul,
    volume = 91,
    pages = {41301-+},
    adsurl = {http://adsabs.harvard.edu/cgi-bin/nph-bib_query?bibcode=2003PhRvL..91d1301A&amp;db_key=AST},
    adsnote = {Provided by the NASA Astrophysics Data System}
}

@ARTICLE{2009arXiv0912.0201L,
   author = {{LSST Science Collaborations} and {LSST Project}},
    title = "{LSST Science Book, Version 2.0}",
  journal = {ArXiv e-prints (0912.0201), \url{http://www.lsst.org/lsst/scibook}},
archivePrefix = "arXiv",
   eprint = {0912.0201},
 primaryClass = "astro-ph.IM",
 keywords = {Astrophysics - Instrumentation and Methods for Astrophysics, Astrophysics - Cosmology and Extragalactic Astrophysics, Astrophysics - Earth and Planetary Astrophysics, Astrophysics - Galaxy Astrophysics, Astrophysics - Solar and Stellar Astrophysics},
     year = 2009,
    month = dec,
   adsurl = {http://adsabs.harvard.edu/abs/2009arXiv0912.0201L},
  adsnote = {Provided by the SAO/NASA Astrophysics Data System}
}

@ARTICLE{2001PhR...340..291B,
    author = {{Bartelmann}, M. and {Schneider}, P.},
    title = "{Weak gravitational lensing}",
    journal = {\physrep},
    year = 2001,
    month = jan,
    volume = 340,
    pages = {291-472},
    adsurl = {http://adsabs.harvard.edu/cgi-bin/nph-bib_query?bibcode=2001PhR...340..291B&db_key=PHY},
    adsnote = {Provided by the NASA Astrophysics Data System}
}


@ARTICLE{2007PhRvL..99n1302Z,
   author = {{Zhang}, P. and {Liguori}, M. and {Bean}, R. and {Dodelson}, S.
	},
    title = "{Probing Gravity at Cosmological Scales by Measurements which Test the Relationship between Gravitational Lensing and Matter Overdensity}",
  journal = {Physical Review Letters},
archivePrefix = "arXiv",
   eprint = {0704.1932},
 keywords = {Observational cosmology, Gravity in more than four dimensions, Kaluza-Klein theory, unified field theories; alternative theories of gravity, Experimental tests of gravitational theories, Gravitational lenses and luminous arcs},
     year = 2007,
    month = oct,
   volume = 99,
   number = 14,
      eid = {141302},
    pages = {141302},
      doi = {10.1103/PhysRevLett.99.141302},
   adsurl = {http://adsabs.harvard.edu/abs/2007PhRvL..99n1302Z},
  adsnote = {Provided by the SAO/NASA Astrophysics Data System}
}

@ARTICLE{2014MNRAS.441.2528K,
   author = {{Kacprzak}, T. and {Bridle}, S. and {Rowe}, B. and {Voigt}, L. and 
	{Zuntz}, J. and {Hirsch}, M. and {MacCrann}, N.},
    title = "{S{\'e}rsic galaxy models in weak lensing shape measurement: model bias, noise bias and their interaction}",
  journal = {\mnras},
 keywords = {gravitational lensing: weak, methods: data analysis, methods: statistical, techniques: image processing, cosmology: observations},
     year = 2014,
    month = jul,
   volume = 441,
    pages = {2528-2538},
      doi = {10.1093/mnras/stu588},
   adsurl = {http://adsabs.harvard.edu/abs/2014MNRAS.441.2528K},
  adsnote = {Provided by the SAO/NASA Astrophysics Data System}
}

@ARTICLE{2007PASP..119.1295H,
   author = {{High}, F.~W. and {Rhodes}, J. and {Massey}, R. and {Ellis}, R.
	},
    title = "{Pixelation Effects in Weak Lensing}",
  journal = {\pasp},
   eprint = {astro-ph/0703471},
 keywords = {Astronomical Techniques},
     year = 2007,
    month = nov,
   volume = 119,
    pages = {1295-1307},
      doi = {10.1086/523112},
   adsurl = {http://adsabs.harvard.edu/abs/2007PASP..119.1295H},
  adsnote = {Provided by the SAO/NASA Astrophysics Data System}
}

@ARTICLE{2012MNRAS.425.1951R,
   author = {{Refregier}, A. and {Kacprzak}, T. and {Amara}, A. and {Bridle}, S. and 
	{Rowe}, B.},
    title = "{Noise bias in weak lensing shape measurements}",
  journal = {\mnras},
archivePrefix = "arXiv",
   eprint = {1203.5050},
 primaryClass = "astro-ph.CO",
 keywords = {gravitational lensing: weak, methods: statistical, techniques: image processing, cosmology: observations, dark energy, dark matter },
     year = 2012,
    month = sep,
   volume = 425,
    pages = {1951-1957},
      doi = {10.1111/j.1365-2966.2012.21483.x},
   adsurl = {http://adsabs.harvard.edu/abs/2012MNRAS.425.1951R},
  adsnote = {Provided by the SAO/NASA Astrophysics Data System}
}

@ARTICLE{2012MNRAS.427.2711K,
   author = {{Kacprzak}, T. and {Zuntz}, J. and {Rowe}, B. and {Bridle}, S. and 
	{Refregier}, A. and {Amara}, A. and {Voigt}, L. and {Hirsch}, M.
	},
    title = "{Measurement and calibration of noise bias in weak lensing galaxy shape estimation}",
  journal = {\mnras},
archivePrefix = "arXiv",
   eprint = {1203.5049},
 primaryClass = "astro-ph.CO",
 keywords = {gravitational lensing: weak, methods: data analysis, methods: statistical, techniques: image processing, cosmology: observations},
     year = 2012,
    month = dec,
   volume = 427,
    pages = {2711-2722},
      doi = {10.1111/j.1365-2966.2012.21622.x},
   adsurl = {http://adsabs.harvard.edu/abs/2012MNRAS.427.2711K},
  adsnote = {Provided by the SAO/NASA Astrophysics Data System}
}
@ARTICLE{2012MNRAS.424.2757M,
   author = {{Melchior}, P. and {Viola}, M.},
    title = "{Means of confusion: how pixel noise affects shear estimates for weak gravitational lensing}",
  journal = {\mnras},
archivePrefix = "arXiv",
   eprint = {1204.5147},
 primaryClass = "astro-ph.IM",
 keywords = {gravitational lensing: weak, techniques: image processing },
     year = 2012,
    month = aug,
   volume = 424,
    pages = {2757-2769},
      doi = {10.1111/j.1365-2966.2012.21381.x},
   adsurl = {http://adsabs.harvard.edu/abs/2012MNRAS.424.2757M},
  adsnote = {Provided by the SAO/NASA Astrophysics Data System}
}

@ARTICLE{2004MNRAS.353..529H,
   author = {{Hirata}, C.~M. and {Mandelbaum}, R. and {Seljak}, U. and {Guzik}, J. and 
	{Padmanabhan}, N. and {Blake}, C. and {Brinkmann}, J. and {Bud{\'a}vari}, T. and 
	{Connolly}, A. and {Csabai}, I. and {Scranton}, R. and {Szalay}, A.~S.
	},
    title = "{Galaxy-galaxy weak lensing in the Sloan Digital Sky Survey: intrinsic alignments and shear calibration errors}",
  journal = {\mnras},
   eprint = {arXiv:astro-ph/0403255},
 keywords = {gravitational lensing, galaxies: haloes},
     year = 2004,
    month = sep,
   volume = 353,
    pages = {529-549},
      doi = {10.1111/j.1365-2966.2004.08090.x},
   adsurl = {http://adsabs.harvard.edu/abs/2004MNRAS.353..529H},
  adsnote = {Provided by the SAO/NASA Astrophysics Data System}
}


@ARTICLE{2013MNRAS.431.3103C,
   author = {{Cropper}, M. and {Hoekstra}, H. and {Kitching}, T. and {Massey}, R. and 
	{Amiaux}, J. and {Miller}, L. and {Mellier}, Y. and {Rhodes}, J. and 
	{Rowe}, B. and {Pires}, S. and {Saxton}, C. and {Scaramella}, R.
	},
    title = "{Defining a weak lensing experiment in space}",
  journal = {\mnras},
archivePrefix = "arXiv",
   eprint = {1210.7691},
 primaryClass = "astro-ph.IM",
 keywords = {gravitational lensing: weak, methods: statistical, space vehicles: instruments, cosmological parameters, cosmology: observations},
     year = 2013,
    month = jun,
   volume = 431,
    pages = {3103-3126},
      doi = {10.1093/mnras/stt384},
   adsurl = {http://adsabs.harvard.edu/abs/2013MNRAS.431.3103C},
  adsnote = {Provided by the SAO/NASA Astrophysics Data System}
}

@ARTICLE{2011arXiv1110.3193L,
   author = {{Laureijs}, R. and {Amiaux}, J. and {Arduini}, S. and {Augu{\`e}res}, J.~-. and 
	{Brinchmann}, J. and {Cole}, R. and {Cropper}, M. and {Dabin}, C. and 
	{Duvet}, L. and {Ealet}, A. and et al.},
    title = "{Euclid Definition Study Report}",
  journal = {ArXiv e-prints (1110.3193)},
archivePrefix = "arXiv",
   eprint = {1110.3193},
 primaryClass = "astro-ph.CO",
 keywords = {Astrophysics - Cosmology and Extragalactic Astrophysics, Astrophysics - Galaxy Astrophysics},
     year = 2011,
    month = oct,
   adsurl = {http://adsabs.harvard.edu/abs/2011arXiv1110.3193L},
  adsnote = {Provided by the SAO/NASA Astrophysics Data System}
}


@ARTICLE{2013MNRAS.429..661M,
   author = {{Massey}, R. and {Hoekstra}, H. and {Kitching}, T. and {Rhodes}, J. and 
	{Cropper}, M. and {Amiaux}, J. and {Harvey}, D. and {Mellier}, Y. and 
	{Meneghetti}, M. and {Miller}, L. and {Paulin-Henriksson}, S. and 
	{Pires}, S. and {Scaramella}, R. and {Schrabback}, T.},
    title = "{Origins of weak lensing systematics, and requirements on future instrumentation (or knowledge of instrumentation)}",
  journal = {\mnras},
archivePrefix = "arXiv",
   eprint = {1210.7690},
 primaryClass = "astro-ph.CO",
 keywords = {gravitational lensing: weak, instrumentation: detectors, methods: data analysis, space vehicles: instruments, telescopes, cosmological parameters},
     year = 2013,
    month = feb,
   volume = 429,
    pages = {661-678},
      doi = {10.1093/mnras/sts371},
   adsurl = {http://adsabs.harvard.edu/abs/2013MNRAS.429..661M},
  adsnote = {Provided by the SAO/NASA Astrophysics Data System}
}

@INPROCEEDINGS{schneider06,
   author = {{Schneider}, P.},
    title = "{Part 3: Weak gravitational lensing}",
booktitle = {Saas-Fee Advanced Course 33: Gravitational Lensing: Strong, Weak and Micro},
     year = 2006,
   editor = {{Meylan}, G. and {Jetzer}, P. and {North}, P. and {Schneider}, P. and 
	{Kochanek}, C.~S. and {Wambsganss}, J.},
    pages = {269-451},
   adsurl = {http://ukads.nottingham.ac.uk/abs/2006glsw.conf..269S},
  adsnote = {Provided by the Smithsonian/NASA Astrophysics Data System}
}

@ARTICLE{map_schneider,
   author = {{Schneider}, P. and {van Waerbeke}, L. and {Jain}, B. and {Kruse}, G.
    },
    title = "{A new measure for cosmic shear}",
  journal = {\mnras},
   eprint = {arXiv:astro-ph/9708143},
 keywords = {GRAVITATIONAL LENSING, LARGE-SCALE STRUCTURE OF UNIVERSE},
     year = 1998,
    month = jun,
   volume = 296,
    pages = {873-892},
      doi = {10.1046/j.1365-8711.1998.01422.x},
   adsurl = {http://adsabs.harvard.edu/abs/1998MNRAS.296..873S},
  adsnote = {Provided by the SAO/NASA Astrophysics Data System}
}

 % truncated bc/ of mnras stupidity
@ARTICLE{2007MNRAS.376...13M,
   author = {{Massey}, R. and {Heymans}, C. and {Berg{\'e}}, J. and {Bernstein}, G. and 
	{Bridle}, S. and {Clowe}, D. and {Dahle}, H. and {Ellis}, R. and et~al.	
},
    title = "{The Shear Testing Programme 2: Factors affecting high-precision weak-lensing analyses}",
  journal = {\mnras},
   eprint = {arXiv:astro-ph/0608643},
 keywords = {gravitational lensing, methods: data analysis, cosmology: observations},
     year = 2007,
    month = mar,
   volume = 376,
    pages = {13-38},
      doi = {10.1111/j.1365-2966.2006.11315.x},
   adsurl = {http://adsabs.harvard.edu/abs/2007MNRAS.376...13M},
  adsnote = {Provided by the SAO/NASA Astrophysics Data System}
}

@INPROCEEDINGS{2011ASPC..442..435B,
   author = {{Bertin}, E.},
    title = "{Automated Morphometry with SExtractor and PSFEx}",
booktitle = {Astronomical Data Analysis Software and Systems XX},
     year = 2011,
   series = {Astronomical Society of the Pacific Conference Series},
   volume = 442,
   editor = {{Evans}, I.~N. and {Accomazzi}, A. and {Mink}, D.~J. and {Rots}, A.~H.
	},
    month = jul,
    pages = {435},
   adsurl = {http://adsabs.harvard.edu/abs/2011ASPC..442..435B},
  adsnote = {Provided by the SAO/NASA Astrophysics Data System}
}

@ARTICLE{1996A&AS..117..393B,
   author = {{Bertin}, E. and {Arnouts}, S.},
    title = "{SExtractor: Software for source extraction.}",
  journal = {\aaps},
 keywords = {METHODS: DATA ANALYSIS, TECHNIQUES: IMAGE PROCESSING, GALAXIES: PHOTOMETRY},
     year = 1996,
    month = jun,
   volume = 117,
    pages = {393-404},
   adsurl = {http://adsabs.harvard.edu/abs/1996A%26AS..117..393B},
  adsnote = {Provided by the SAO/NASA Astrophysics Data System}
}

@TechReport{nissen03, 
author = {S. Nissen}, 
title = {Implementation of a Fast Artificial Neural Network Library (fann)}, 
institution = {Department of Computer Science University of Copenhagen (DIKU)}, 
year = {2003}, 
note = {http://fann.sf.net}, 
}


@ARTICLE{2014MNRAS.441.1741G,
   author = {{Graff}, P. and {Feroz}, F. and {Hobson}, M.~P. and {Lasenby}, A.
	},
    title = "{SKYNET: an efficient and robust neural network training tool for machine learning in astronomy}",
  journal = {\mnras},
archivePrefix = "arXiv",
   eprint = {1309.0790},
 primaryClass = "astro-ph.IM",
 keywords = {methods: data analysis, methods: statistical},
     year = 2014,
    month = jun,
   volume = 441,
    pages = {1741-1759},
      doi = {10.1093/mnras/stu642},
   adsurl = {http://adsabs.harvard.edu/abs/2014MNRAS.441.1741G},
  adsnote = {Provided by the SAO/NASA Astrophysics Data System}
}

@MISC{galsim,
   author = {{Rowe}, B. and {Jarvis}, M. and {Mandelbaum}, R.},
    title = "{GalSim: Modular galaxy image simulation toolkit}",
     note = {Astrophysics Source Code Library},
     year = 2014,
archivePrefix = "ascl",
   eprint = {1402.009},
    month = feb,
   adsurl = {http://adsabs.harvard.edu/abs/2014ascl.soft02009R},
  adsnote = {Provided by the SAO/NASA Astrophysics Data System}
}

@ARTICLE{2003MNRAS.343..459H,
   author = {{Hirata}, C. and {Seljak}, U.},
    title = "{Shear calibration biases in weak-lensing surveys}",
  journal = {\mnras},
   eprint = {astro-ph/0301054},
 keywords = {gravitational lensing, methods: data analysis},
     year = 2003,
    month = aug,
   volume = 343,
    pages = {459-480},
      doi = {10.1046/j.1365-8711.2003.06683.x},
   adsurl = {http://adsabs.harvard.edu/abs/2003MNRAS.343..459H},
  adsnote = {Provided by the SAO/NASA Astrophysics Data System}
}

@ARTICLE{2012A&A...544A...8T,
   author = {{Tewes}, M. and {Cantale}, N. and {Courbin}, F. and {Kitching}, T. and 
	{Meylan}, G.},
    title = "{A fast empirical method for galaxy shape measurements in weak lensing surveys}",
  journal = {\aap},
archivePrefix = "arXiv",
   eprint = {1203.4429},
 primaryClass = "astro-ph.CO",
 keywords = {gravitational lensing: weak, methods: data analysis},
     year = 2012,
    month = aug,
   volume = 544,
      eid = {A8},
    pages = {A8},
      doi = {10.1051/0004-6361/201219278},
   adsurl = {http://adsabs.harvard.edu/abs/2012A%26A...544A...8T},
  adsnote = {Provided by the SAO/NASA Astrophysics Data System}
}

@ARTICLE{1997A&A...317..303V,
   author = {{van Waerbeke}, L. and {Mellier}, Y. and {Schneider}, P. and 
	{Fort}, B. and {Mathez}, G.},
    title = "{The auto-correlation function of the extragalactic background light. I. Measuring gravitational shear.}",
  journal = {\aap},
   eprint = {astro-ph/9604137},
 keywords = {DARK MATTER, GRAVITATIONAL LENSING, OBSERVATIONAL METHODS, CLUSTERS OF GALAXIES, QUASARS: INDIVIDUAL: Q 2345+007, CLUSTERS OF GALAXIES: INDIVIDUAL: CL 0024+16 (ZWCL 0024+1652)},
     year = 1997,
    month = jan,
   volume = 317,
    pages = {303-317},
   adsurl = {http://adsabs.harvard.edu/abs/1997A%26A...317..303V},
  adsnote = {Provided by the SAO/NASA Astrophysics Data System}
}

@ARTICLE{2012MNRAS.423.3163K,
   author = {{Kitching}, T.~D. and {Balan}, S.~T. and {Bridle}, S. and {Cantale}, N. and 
	{Courbin}, F. and {Eifler}, T. and {Gentile}, M. and {Gill}, M.~S.~S. and 
	{Harmeling}, S. and {Heymans}, C. and {Hirsch}, M. and et~al.
	},
    title = "{Image analysis for cosmology: results from the GREAT10 Galaxy Challenge}",
  journal = {\mnras},
archivePrefix = "arXiv",
   eprint = {1202.5254},
 primaryClass = "astro-ph.CO",
 keywords = {gravitational lensing: weak, methods: statistical, techniques: image processing, cosmology: observations},
     year = 2012,
    month = jul,
   volume = 423,
    pages = {3163-3208},
      doi = {10.1111/j.1365-2966.2012.21095.x},
   adsurl = {http://adsabs.harvard.edu/abs/2012MNRAS.423.3163K},
  adsnote = {Provided by the SAO/NASA Astrophysics Data System}
}

@ARTICLE{2010arXiv1009.0779K,
   author = {{Kitching}, T. and {Balan}, S. and {Bernstein}, G. and {Bethge}, M. and 
	{Bridle}, S. and {Courbin}, F. and {Gentile}, M. and et~al.},
    title = "{Gravitational Lensing Accuracy Testing 2010 (GREAT10) Challenge Handbook}",
  journal = {AOAS},
archivePrefix = "arXiv",
   eprint = {1009.0779},
 primaryClass = "astro-ph.CO",
 keywords = {Astrophysics - Cosmology and Extragalactic Astrophysics, Statistics - Applications},
     year = 2010,
    month = sep,
   volume = 5,
    issue = 3,
    pages = {2231-2263},
   adsurl = {http://adsabs.harvard.edu/abs/2010arXiv1009.0779K},
  adsnote = {Provided by the SAO/NASA Astrophysics Data System}
}

@ARTICLE{2012arXiv1211.4847G,
   author = {{Gentile}, M. and {Courbin}, F. and {Meylan}, G.},
    title = "{A simple fitting method (gfit) for galaxy shape measurement in weak lensing surveys}",
  journal = {ArXiv e-prints (1211.4847)},
archivePrefix = "arXiv",
   eprint = {1211.4847},
 primaryClass = "astro-ph.CO",
 keywords = {Astrophysics - Cosmology and Extragalactic Astrophysics},
     year = 2012,
    month = nov,
   adsurl = {http://adsabs.harvard.edu/abs/2012arXiv1211.4847G},
  adsnote = {Provided by the SAO/NASA Astrophysics Data System}
}

@ARTICLE{2006A&A...451.1139S,
   author = {{Starck}, J.-L. and {Pires}, S. and {R{\'e}fr{\'e}gier}, A.},
    title = "{Weak lensing mass reconstruction using wavelets}",
  journal = {\aap},
   eprint = {astro-ph/0503373},
 keywords = {cosmology: dark matter, methods: data analysis, gravitational lensing},
     year = 2006,
    month = jun,
   volume = 451,
    pages = {1139-1150},
      doi = {10.1051/0004-6361:20052997},
   adsurl = {http://adsabs.harvard.edu/abs/2006A%26A...451.1139S},
  adsnote = {Provided by the SAO/NASA Astrophysics Data System}
}

@ARTICLE{2000ApJ...536...79R,
   author = {{Rhodes}, J. and {Refregier}, A. and {Groth}, E.~J.},
    title = "{Weak Lensing Measurements: A Revisited Method and Application toHubble Space Telescope Images}",
  journal = {\apj},
   eprint = {astro-ph/9905090},
 keywords = {Cosmology: Observations, Cosmology: Gravitational Lensing, Techniques: Image Processing},
     year = 2000,
    month = jun,
   volume = 536,
    pages = {79-100},
      doi = {10.1086/308902},
   adsurl = {http://adsabs.harvard.edu/abs/2000ApJ...536...79R},
  adsnote = {Provided by the SAO/NASA Astrophysics Data System}
}

@ARTICLE{2011MNRAS.412.1552M,
   author = {{Melchior}, P. and {Viola}, M. and {Sch{\"a}fer}, B.~M. and 
	{Bartelmann}, M.},
    title = "{Weak gravitational lensing with DEIMOS}",
  journal = {\mnras},
archivePrefix = "arXiv",
   eprint = {1008.1076},
 primaryClass = "astro-ph.IM",
 keywords = {gravitational lensing: weak, techniques: image processing},
     year = 2011,
    month = apr,
   volume = 412,
    pages = {1552-1558},
      doi = {10.1111/j.1365-2966.2010.17875.x},
   adsurl = {http://adsabs.harvard.edu/abs/2011MNRAS.412.1552M},
  adsnote = {Provided by the SAO/NASA Astrophysics Data System}
}

@ARTICLE{2013MNRAS.434.1604Z,
   author = {{Zuntz}, J. and {Kacprzak}, T. and {Voigt}, L. and {Hirsch}, M. and 
	{Rowe}, B. and {Bridle}, S.},
    title = "{IM3SHAPE: a maximum likelihood galaxy shear measurement code for cosmic gravitational lensing}",
  journal = {\mnras},
archivePrefix = "arXiv",
   eprint = {1302.0183},
 primaryClass = "astro-ph.CO",
 keywords = {gravitational lensing: weak, methods: data analysis, methods: statistical, techniques: image processing, cosmology: observations, dark energy},
     year = 2013,
    month = sep,
   volume = 434,
    pages = {1604-1618},
      doi = {10.1093/mnras/stt1125},
   adsurl = {http://adsabs.harvard.edu/abs/2013MNRAS.434.1604Z},
  adsnote = {Provided by the SAO/NASA Astrophysics Data System}
}

@ARTICLE{2013arXiv1308.4663K,
   author = {{Kacprzak}, T. and {Bridle}, S. and {Rowe}, B. and {Voigt}, L. and 
	{Zuntz}, J. and {Hirsch}, M. and {MacCrann}, N.},
    title = "{S$\backslash$'$\{$e$\}$rsic galaxy models in weak lensing shape measurement: model bias, noise bias and their interaction}",
  journal = {ArXiv e-prints},
archivePrefix = "arXiv",
   eprint = {1308.4663},
 primaryClass = "astro-ph.CO",
 keywords = {Astrophysics - Cosmology and Extragalactic Astrophysics},
     year = 2013,
    month = aug,
   adsurl = {http://adsabs.harvard.edu/abs/2013arXiv1308.4663K},
  adsnote = {Provided by the SAO/NASA Astrophysics Data System}
}

@ARTICLE{2011ApJ...730....9O,
   author = {{Okura}, Y. and {Futamase}, T.},
    title = "{Elliptically Weighted HOLICs for Weak-lensing Shear Measurement. I. Definitions and Isotropic Point-spread Function Correction}",
  journal = {\apj},
archivePrefix = "arXiv",
   eprint = {1010.0466},
 primaryClass = "astro-ph.CO",
 keywords = {gravitational lensing: weak},
     year = 2011,
    month = mar,
   volume = 730,
      eid = {9},
    pages = {9},
      doi = {10.1088/0004-637X/730/1/9},
   adsurl = {http://adsabs.harvard.edu/abs/2011ApJ...730....9O},
  adsnote = {Provided by the SAO/NASA Astrophysics Data System}
}

@ARTICLE{2012ApJ...748..112O,
   author = {{Okura}, Y. and {Futamase}, T.},
    title = "{Elliptical-weighted HOLICs for Weak Lensing Shear Measurement. II. Point-spread Function Correction and Application to A370}",
  journal = {\apj},
archivePrefix = "arXiv",
   eprint = {1107.5863},
 primaryClass = "astro-ph.CO",
 keywords = {galaxies: clusters: individual: A370, gravitational lensing: weak},
     year = 2012,
    month = apr,
   volume = 748,
      eid = {112},
    pages = {112},
      doi = {10.1088/0004-637X/748/2/112},
   adsurl = {http://adsabs.harvard.edu/abs/2012ApJ...748..112O},
  adsnote = {Provided by the SAO/NASA Astrophysics Data System}
}

@ARTICLE{2013ApJ...771...37O,
   author = {{Okura}, Y. and {Futamase}, T.},
    title = "{Elliptical Weighted HOLICs for Weak Lensing Shear Measurement. III. The Effect of Random Count Noise on Image Moments in Weak Lensing Analysis}",
  journal = {\apj},
archivePrefix = "arXiv",
   eprint = {1208.3564},
 primaryClass = "astro-ph.IM",
 keywords = {gravitational lensing: weak },
     year = 2013,
    month = jul,
   volume = 771,
      eid = {37},
    pages = {37},
      doi = {10.1088/0004-637X/771/1/37},
   adsurl = {http://adsabs.harvard.edu/abs/2013ApJ...771...37O},
  adsnote = {Provided by the SAO/NASA Astrophysics Data System}
}

@ARTICLE{2014arXiv1405.1539O,
   author = {{Okura}, Y. and {Futamase}, T.},
    title = "{A new method of weak lensing shear measurement using 0th order ellipticity and ERA}",
  journal = {ArXiv e-prints},
archivePrefix = "arXiv",
   eprint = {1405.1539},
 keywords = {Astrophysics - Cosmology and Nongalactic Astrophysics},
     year = 2014,
    month = may,
   adsurl = {http://adsabs.harvard.edu/abs/2014arXiv1405.1539O},
  adsnote = {Provided by the SAO/NASA Astrophysics Data System}
}


@ARTICLE{1995ApJ...449..460K,
   author = {{Kaiser}, N. and {Squires}, G. and {Broadhurst}, T.},
    title = "{A Method for Weak Lensing Observations}",
  journal = {\apj},
   eprint = {astro-ph/9411005},
 keywords = {COSMOLOGY: OBSERVATIONS, COSMOLOGY: DARK MATTER, GALAXIES: FORMATION, COSMOLOGY: GRAVITATIONAL LENSING, COSMOLOGY: LARGE-SCALE STRUCTURE OF UNIVERSE},
     year = 1995,
    month = aug,
   volume = 449,
    pages = {460},
      doi = {10.1086/176071},
   adsurl = {http://adsabs.harvard.edu/abs/1995ApJ...449..460K},
  adsnote = {Provided by the SAO/NASA Astrophysics Data System}
}

@ARTICLE{1997ApJ...475...20L,
   author = {{Luppino}, G.~A. and {Kaiser}, N.},
    title = "{Detection of Weak Lensing by a Cluster of Galaxies at z = 0.83}",
  journal = {\apj},
   eprint = {astro-ph/9601194},
 keywords = {Galaxies: Clusters: Individual: Alphanumeric: MS 1054-03, Galaxies: Distances and Redshifts, Galaxies: Photometry, Cosmology: Gravitational Lensing},
     year = 1997,
    month = jan,
   volume = 475,
    pages = {20-28},
   adsurl = {http://adsabs.harvard.edu/abs/1997ApJ...475...20L},
  adsnote = {Provided by the SAO/NASA Astrophysics Data System}
}

@ARTICLE{1998ApJ...504..636H,
   author = {{Hoekstra}, H. and {Franx}, M. and {Kuijken}, K. and {Squires}, G.
	},
    title = "{Weak Lensing Analysis of CL 1358+62 Using Hubble Space Telescope Observations}",
  journal = {\apj},
 keywords = {GALAXIES: CLUSTERS: INDIVIDUAL ALPHANUMERIC: CL 1358+62, GALAXIES: FUNDAMENTAL PARAMETERS, COSMOLOGY: GRAVITATIONAL LENSING, galaxies: clusters: individual (Cl 1358 + 62), Galaxies: Fundamental Parameters, Cosmology: Gravitational Lensing},
     year = 1998,
    month = sep,
   volume = 504,
    pages = {636-660},
      doi = {10.1086/306102},
   adsurl = {http://adsabs.harvard.edu/abs/1998ApJ...504..636H},
  adsnote = {Provided by the SAO/NASA Astrophysics Data System}
}

@ARTICLE{2006MNRAS.368.1323H,
   author = {{Heymans}, C. and {Van Waerbeke}, L. and {Bacon}, D. and {Berge}, J. and 
	{Bernstein}, G. and {Bertin}, E. and {Bridle}, S. and et~al.},
    title = "{The Shear Testing Programme - I. Weak lensing analysis of simulated ground-based observations}",
  journal = {\mnras},
   eprint = {astro-ph/0506112},
 keywords = {gravitational lensing , cosmology: observations , large-scale structure of Universe},
     year = 2006,
    month = may,
   volume = 368,
    pages = {1323-1339},
      doi = {10.1111/j.1365-2966.2006.10198.x},
   adsurl = {http://adsabs.harvard.edu/abs/2006MNRAS.368.1323H},
  adsnote = {Provided by the SAO/NASA Astrophysics Data System}
}

@ARTICLE{2000ApJ...532...88H,
   author = {{Hoekstra}, H. and {Franx}, M. and {Kuijken}, K.},
    title = "{Hubble Space Telescope Weak-Lensing Study of the z=0.83 Cluster MS 1054-03}",
  journal = {\apj},
   eprint = {astro-ph/9910487},
 keywords = {COSMOLOGY: OBSERVATIONS, COSMOLOGY: GRAVITATIONAL LENSING, DARK MATTER, GALAXIES: CLUSTERS: INDIVIDUAL (MS 1054-03)},
     year = 2000,
    month = mar,
   volume = 532,
    pages = {88-108},
      doi = {10.1086/308556},
   adsurl = {http://adsabs.harvard.edu/abs/2000ApJ...532...88H},
  adsnote = {Provided by the SAO/NASA Astrophysics Data System}
}

@ARTICLE{2011A&A...531A.144N,
   author = {{Nurbaeva}, G. and {Courbin}, F. and {Gentile}, M. and {Meylan}, G.
	},
    title = "{On the effect of image denoising on galaxy shape measurements}",
  journal = {\aap},
archivePrefix = "arXiv",
   eprint = {1106.0927},
 primaryClass = "astro-ph.CO",
 keywords = {methods: data analysis, techniques: image processing, gravitational lensing: weak, dark energy, cosmological parameters, methods: statistical},
     year = 2011,
    month = jul,
   volume = 531,
      eid = {A144},
    pages = {A144},
      doi = {10.1051/0004-6361/201116556},
   adsurl = {http://adsabs.harvard.edu/abs/2011A%26A...531A.144N},
  adsnote = {Provided by the SAO/NASA Astrophysics Data System}
}

@ARTICLE{2010MNRAS.406.2793B,
   author = {{Bernstein}, G.~M.},
    title = "{Shape measurement biases from underfitting and ellipticity gradients}",
  journal = {\mnras},
archivePrefix = "arXiv",
   eprint = {1001.2333},
 primaryClass = "astro-ph.IM",
 keywords = {gravitational lensing: weak, techniques: image processing, methods: data analysis},
     year = 2010,
    month = aug,
   volume = 406,
    pages = {2793-2804},
      doi = {10.1111/j.1365-2966.2010.16883.x},
   adsurl = {http://adsabs.harvard.edu/abs/2010MNRAS.406.2793B},
  adsnote = {Provided by the SAO/NASA Astrophysics Data System}
}

@ARTICLE{2011MNRAS.414.1047Z,
   author = {{Zhang}, J. and {Komatsu}, E.},
    title = "{Cosmic shears should not be measured in conventional ways}",
  journal = {\mnras},
archivePrefix = "arXiv",
   eprint = {1002.3615},
 primaryClass = "astro-ph.CO",
 keywords = {gravitational lensing: weak, methods: data analysis, techniques: image processing, large-scale structure of Universe},
     year = 2011,
    month = jun,
   volume = 414,
    pages = {1047-1058},
      doi = {10.1111/j.1365-2966.2011.18436.x},
   adsurl = {http://adsabs.harvard.edu/abs/2011MNRAS.414.1047Z},
  adsnote = {Provided by the SAO/NASA Astrophysics Data System}
}

@ARTICLE{2010MNRAS.403..673Z,
   author = {{Zhang}, J.},
    title = "{Simple treatments of the photon noise and the pixelation effect in weak lensing}",
  journal = {\mnras},
archivePrefix = "arXiv",
   eprint = {0901.4781},
 primaryClass = "astro-ph.CO",
 keywords = {gravitational lensing, methods: data analysis, techniques: image processing, large-scale structure of Universe},
     year = 2010,
    month = apr,
   volume = 403,
    pages = {673-682},
      doi = {10.1111/j.1365-2966.2009.16168.x},
   adsurl = {http://adsabs.harvard.edu/abs/2010MNRAS.403..673Z},
  adsnote = {Provided by the SAO/NASA Astrophysics Data System}
}

@ARTICLE{2008MNRAS.383..113Z,
   author = {{Zhang}, J.},
    title = "{Measuring the cosmic shear in Fourier space}",
  journal = {\mnras},
   eprint = {astro-ph/0612146},
 keywords = {cosmology: theory},
     year = 2008,
    month = jan,
   volume = 383,
    pages = {113-118},
      doi = {10.1111/j.1365-2966.2007.12585.x},
   adsurl = {http://adsabs.harvard.edu/abs/2008MNRAS.383..113Z},
  adsnote = {Provided by the SAO/NASA Astrophysics Data System}
}

@ARTICLE{2011JCAP...11..041Z,
   author = {{Zhang}, J.},
    title = "{Measuring the reduced shear}",
  journal = {\jcap},
archivePrefix = "arXiv",
   eprint = {1002.3614},
 primaryClass = "astro-ph.CO",
     year = 2011,
    month = nov,
   volume = 11,
      eid = {041},
    pages = {41},
      doi = {10.1088/1475-7516/2011/11/041},
   adsurl = {http://adsabs.harvard.edu/abs/2011JCAP...11..041Z},
  adsnote = {Provided by the SAO/NASA Astrophysics Data System}
}

@ARTICLE{2013arXiv1312.5514Z,
   author = {{Zhang}, J. and {Luo}, W. and {Foucaud}, S.},
    title = "{Accurate Shear Measurement with Faint Sources}",
  journal = {ArXiv e-prints (1312.5514)},
archivePrefix = "arXiv",
   eprint = {1312.5514},
 primaryClass = "astro-ph.CO",
 keywords = {Astrophysics - Cosmology and Extragalactic Astrophysics},
     year = 2013,
    month = dec,
   adsurl = {http://adsabs.harvard.edu/abs/2013arXiv1312.5514Z},
  adsnote = {Provided by the SAO/NASA Astrophysics Data System}
}

@ARTICLE{2013PASP..125..719H,
   author = {{Hogg}, D.~W. and {Lang}, D.},
    title = "{Replacing Standard Galaxy Profiles with Mixtures of Gaussians}",
  journal = {\pasp},
archivePrefix = "arXiv",
   eprint = {1210.6563},
 primaryClass = "astro-ph.IM",
 keywords = {Data Analysis and Techniques},
     year = 2013,
    month = jun,
   volume = 125,
    pages = {719-730},
      doi = {10.1086/671228},
   adsurl = {http://adsabs.harvard.edu/abs/2013PASP..125..719H},
  adsnote = {Provided by the SAO/NASA Astrophysics Data System}
}

@ARTICLE{2013MNRAS.429.2858M,
   author = {{Miller}, L. and {Heymans}, C. and {Kitching}, T.~D. and {van Waerbeke}, L. and 
	{Erben}, T. and {Hildebrandt}, H. and {Hoekstra}, H. and {Mellier}, Y. and 
	{Rowe}, B.~T.~P. and {Coupon}, J. and et~al.},
    title = "{Bayesian galaxy shape measurement for weak lensing surveys - III. Application to the Canada-France-Hawaii Telescope Lensing Survey}",
  journal = {\mnras},
archivePrefix = "arXiv",
   eprint = {1210.8201},
 primaryClass = "astro-ph.CO",
 keywords = {gravitational lensing: weak, methods: data analysis, methods: statistical, cosmology: observations},
     year = 2013,
    month = mar,
   volume = 429,
    pages = {2858-2880},
      doi = {10.1093/mnras/sts454},
   adsurl = {http://adsabs.harvard.edu/abs/2013MNRAS.429.2858M},
  adsnote = {Provided by the SAO/NASA Astrophysics Data System}
}

@ARTICLE{2013MNRAS.432.2433H,
   author = {{Heymans}, C. and {Grocutt}, E. and {Heavens}, A. and {Kilbinger}, M. and 
	{Kitching}, T.~D. and {Simpson}, F. and {Benjamin}, J. and {Erben}, T. and 
	{Hildebrandt}, H. and {Hoekstra}, H. and et~al.},
    title = "{CFHTLenS tomographic weak lensing cosmological parameter constraints: Mitigating the impact of intrinsic galaxy alignments}",
  journal = {\mnras},
archivePrefix = "arXiv",
   eprint = {1303.1808},
 primaryClass = "astro-ph.CO",
 keywords = {cosmology: observations},
     year = 2013,
    month = jul,
   volume = 432,
    pages = {2433-2453},
      doi = {10.1093/mnras/stt601},
   adsurl = {http://adsabs.harvard.edu/abs/2013MNRAS.432.2433H},
  adsnote = {Provided by the SAO/NASA Astrophysics Data System}
}

@ARTICLE{2002AJ....123..583B,
   author = {{Bernstein}, G.~M. and {Jarvis}, M.},
    title = "{Shapes and Shears, Stars and Smears: Optimal Measurements for Weak Lensing}",
  journal = {\aj},
   eprint = {astro-ph/0107431},
 keywords = {Cosmology: Gravitational Lensing, Methods: Data Analysis, Techniques: Image Processing},
     year = 2002,
    month = feb,
   volume = 123,
    pages = {583-618},
      doi = {10.1086/338085},
   adsurl = {http://adsabs.harvard.edu/abs/2002AJ....123..583B},
  adsnote = {Provided by the SAO/NASA Astrophysics Data System}
}

@ARTICLE{2005MNRAS.361.1287M,
   author = {{Mandelbaum}, R. and {Hirata}, C.~M. and {Seljak}, U. and {Guzik}, J. and 
	{Padmanabhan}, N. and {Blake}, C. and {Blanton}, M.~R. and {Lupton}, R. and 
	{Brinkmann}, J.},
    title = "{Systematic errors in weak lensing: application to SDSS galaxy-galaxy weak lensing}",
  journal = {\mnras},
   eprint = {astro-ph/0501201},
 keywords = {gravitational lensing, galaxies: distances and redshifts, galaxies: halos},
     year = 2005,
    month = aug,
   volume = 361,
    pages = {1287-1322},
      doi = {10.1111/j.1365-2966.2005.09282.x},
   adsurl = {http://adsabs.harvard.edu/abs/2005MNRAS.361.1287M},
  adsnote = {Provided by the SAO/NASA Astrophysics Data System}
}

@ARTICLE{2014ApJS..212....5M,
   author = {{Mandelbaum}, R. and {Rowe}, B. and {Bosch}, J. and {Chang}, C. and 
	{Courbin}, F. and {Gill}, M. and {Jarvis}, M. and {Kannawadi}, A. and 
	{Kacprzak}, T. and {Lackner}, C. and et~al.},
    title = "{The Third Gravitational Lensing Accuracy Testing (GREAT3) Challenge Handbook}",
  journal = {\apjs},
archivePrefix = "arXiv",
   eprint = {1308.4982},
 keywords = {gravitational lensing: weak, methods: data analysis, methods: statistical, techniques: image processing },
     year = 2014,
    month = may,
   volume = 212,
      eid = {5},
    pages = {5},
      doi = {10.1088/0067-0049/212/1/5},
   adsurl = {http://adsabs.harvard.edu/abs/2014ApJS..212....5M},
  adsnote = {Provided by the SAO/NASA Astrophysics Data System}
}

@ARTICLE{2014MNRAS.438.1880B,
   author = {{Bernstein}, G.~M. and {Armstrong}, R.},
    title = "{Bayesian lensing shear measurement}",
  journal = {\mnras},
archivePrefix = "arXiv",
   eprint = {1304.1843},
 primaryClass = "astro-ph.CO",
 keywords = {gravitational lensing: weak, methods: data analysis},
     year = 2014,
    month = feb,
   volume = 438,
    pages = {1880-1893},
      doi = {10.1093/mnras/stt2326},
   adsurl = {http://adsabs.harvard.edu/abs/2014MNRAS.438.1880B},
  adsnote = {Provided by the SAO/NASA Astrophysics Data System}
}

@ARTICLE{2014MNRAS.444L..25S,
   author = {{Sheldon}, E.~S.},
    title = "{An implementation of Bayesian lensing shear measurement}",
  journal = {\mnras},
archivePrefix = "arXiv",
   eprint = {1403.7669},
 keywords = {gravitational lensing: weak, cosmology: observations, dark energy},
     year = 2014,
    month = oct,
   volume = 444,
    pages = {L25-L29},
      doi = {10.1093/mnrasl/slu104},
   adsurl = {http://adsabs.harvard.edu/abs/2014MNRAS.444L..25S},
  adsnote = {Provided by the SAO/NASA Astrophysics Data System}
}

@ARTICLE{2012MNRAS.421.2277L,
   author = {{Lackner}, C.~N. and {Gunn}, J.~E.},
    title = "{Astrophysically motivated bulge-disc decompositions of Sloan Digital Sky Survey galaxies}",
  journal = {\mnras},
archivePrefix = "arXiv",
   eprint = {1201.0763},
 primaryClass = "astro-ph.CO",
 keywords = {galaxies: bulges, galaxies: evolution, galaxies: photometry, galaxies: structure},
     year = 2012,
    month = apr,
   volume = 421,
    pages = {2277-2302},
      doi = {10.1111/j.1365-2966.2012.20450.x},
   adsurl = {http://adsabs.harvard.edu/abs/2012MNRAS.421.2277L},
  adsnote = {Provided by the SAO/NASA Astrophysics Data System}
}

@ARTICLE{2011PASP..123..596J,
   author = {{Jee}, M.~J. and {Tyson}, J.~A.},
    title = "{Toward Precision LSST Weak-Lensing Measurement. I. Impacts of Atmospheric Turbulence and Optical Aberration}",
  journal = {\pasp},
archivePrefix = "arXiv",
   eprint = {1011.1913},
 primaryClass = "astro-ph.IM",
 keywords = {Astronomical Techniques},
     year = 2011,
    month = may,
   volume = 123,
    pages = {596-614},
      doi = {10.1086/660137},
   adsurl = {http://adsabs.harvard.edu/abs/2011PASP..123..596J},
  adsnote = {Provided by the SAO/NASA Astrophysics Data System}
}

@ARTICLE{2000ApJ...537..555K,
   author = {{Kaiser}, N.},
    title = "{A New Shear Estimator for Weak-Lensing Observations}",
  journal = {\apj},
   eprint = {astro-ph/9904003},
 keywords = {Cosmology: Dark Matter, Galaxies: Clusters: General, Cosmology: Gravitational Lensing, Cosmology: Large-Scale Structure of Universe},
     year = 2000,
    month = jul,
   volume = 537,
    pages = {555-577},
      doi = {10.1086/309041},
   adsurl = {http://adsabs.harvard.edu/abs/2000ApJ...537..555K},
  adsnote = {Provided by the SAO/NASA Astrophysics Data System}
}

@ARTICLE{2012MNRAS.420.1518M,
   author = {{Mandelbaum}, R. and {Hirata}, C.~M. and {Leauthaud}, A. and 
	{Massey}, R.~J. and {Rhodes}, J.},
    title = "{Precision simulation of ground-based lensing data using observations from space}",
  journal = {\mnras},
archivePrefix = "arXiv",
   eprint = {1107.4629},
 primaryClass = "astro-ph.CO",
 keywords = {gravitational lensing: weak, methods: data analysis, techniques: image processing, galaxies: structure},
     year = 2012,
    month = feb,
   volume = 420,
    pages = {1518-1540},
      doi = {10.1111/j.1365-2966.2011.20138.x},
   adsurl = {http://adsabs.harvard.edu/abs/2012MNRAS.420.1518M},
  adsnote = {Provided by the SAO/NASA Astrophysics Data System}
}

@incollection{eddy82,
year={1982},
isbn={978-3-7051-0002-2},
booktitle={COMPSTAT 1982 5th Symposium held at Toulouse 1982},
editor={Caussinus, H. and Ettinger, P. and Tomassone, R.},
doi={10.1007/978-3-642-51461-6_4},
title={Convex Hull Peeling},
url={http://dx.doi.org/10.1007/978-3-642-51461-6_4},
publisher={Physica-Verlag HD},
keywords={convex polygon; order statistic; intersection},
author={Eddy, W.F.},
pages={42-47},
language={English}
}

@ARTICLE{1999PASP..111..227L,
   author = {{Lauer}, T.~R.},
    title = "{Combining Undersampled Dithered Images}",
  journal = {\pasp},
   eprint = {astro-ph/9810394},
 keywords = {TECHNIQUES: IMAGE PROCESSING},
     year = 1999,
    month = feb,
   volume = 111,
    pages = {227-237},
      doi = {10.1086/316319},
   adsurl = {http://adsabs.harvard.edu/abs/1999PASP..111..227L},
  adsnote = {Provided by the SAO/NASA Astrophysics Data System}
}

@ARTICLE{2011PASP..123..497F,
   author = {{Fruchter}, A.~S.},
    title = "{A New Method for Band-limited Imaging with Undersampled Detectors}",
  journal = {\pasp},
archivePrefix = "arXiv",
   eprint = {1102.0292},
 primaryClass = "astro-ph.IM",
 keywords = {Data Analysis and Techniques},
     year = 2011,
    month = apr,
   volume = 123,
    pages = {497-502},
      doi = {10.1086/659313},
   adsurl = {http://adsabs.harvard.edu/abs/2011PASP..123..497F},
  adsnote = {Provided by the SAO/NASA Astrophysics Data System}
}
